@Techreport{cifar,
    title={Learning Multiple Layers of Features from Tiny Images},
    author={Alex Krizhevsky and Vinod Nair and Geoffrey Hinton},
    institution = {University of Toronto},
    year={2009},
}

@inproceedings{svhn,
    author={Yuval Netzer and Tao Wang and Adam Coates and Alessandro Bissacco and Bo Wu and Andrew Y. Ng},
    title={ Reading Digits in Natural Images with Unsupervised Feature Learning},
    year={2011},
    booktitle={NIPS Workshop on Deep Learning and Unsupervised Feature Learning 2011},
}

@inproceedings{cross_stitch,
    author={Ishan Misra and Abhinav Shrivastava and Abhinav Gupta and Martial Hebert},
    title={Cross-stitch Networks for Multi-task Learning},
    year={2016},
    booktitle={CVPR},
}

@inproceedings{cascade_correlation,
    author={Scott E. Fahlman and Christian Lebiere},
    title={The cascade-correlation learning architecture},
    year={1990},
    booktitle={Advances in neural information processing systems},
}

@inproceedings{cai:15,
  author    = {Zhaowei Cai and
               Mohammad J. Saberian and
               Nuno Vasconcelos},
  title     = {{Learning Complexity-Aware Cascades for Deep Pedestrian Detection}},
  booktitle = {ICCV},
  year = {2015}
}

@inproceedings{adaptive_submodular,
title={Adaptive Submodularity: Theory and Applications in Active Learning and Stochastic Optimization},
author={Daniel Golovin and Andreas Krause},
booktitle={Journal of Artificial Intelligence Research (JAIR)},
year={2011}
}

@inproceedings{alexnet,
title = {ImageNet Classification with Deep Convolutional Neural Networks},
author = {Alex Krizhevsky and Sutskever, Ilya and Hinton, Geoffrey E},
booktitle = {Advances in Neural Information Processing Systems 25},
pages = {1097--1105},
year = {2012},
}



@inproceedings{vgg,
    title={VERY DEEP CONVOLUTIONAL NETWORKS FOR LARGE-SCALE IMAGE RECOGNITION},
    author={Karen Simonyan and Andrew Zisserman},
    booktitle={ICLR},
    year={2015},
}

@inproceedings{inception_v4,
	title = {Inception-v4, Inception-ResNet and the Impact of Residual Connections on Learning},
	author = {Christian	Szegedy and	Sergey	Ioffe and	Vincent	Vanhoucke	and	Alex	Alemi},
	booktitle ={ AAAI },
	year = {2017},
}

@INPROCEEDINGS{wide_resnet,
    author = {Sergey Zagoruyko and Nikos Komodakis},
    title = {Wide Residual Networks},
    booktitle = {British Machine Vision Conference (BMVC)},
    year = {2016}
}

@inproceedings{wide_or_deep,
    title={Wider or Deeper: Revisiting the ResNet Model for Visual Recognition},
    author={Zifeng Wu, Chunhua Shen, and Anton van den Hengel},
    year={2016},
    booktitle={arxiv preprint, arxiv.org/abs/1610.02915},
}

@inproceedings{cascade_nn,
title={Energy-efficient Amortized Inference with Cascaded Deep Classifiers},
author={Jiaqi Guan and Yang Liu and Qiang Liu and Jian Peng},
year={2017},
booktitle={arxiv preprint, arxiv.org/abs/1710.03368}
}

@inproceedings{pyramidnet,
    title= { Deep Pyramidal Residual Networks },
    Author={ Dongyoon Han and Jiwhan Kim and Junmo Kim},
    year={2017},
    booktitle={CVPR}
}

@inproceedings{densenet,
    title={Densely Connected Convolutional Networks},
    Author={Gao Huang and Zhuang Liu and Kilian Q. Weinberger and Laurens van der Maaten},
    year={2017},
    booktitle={CVPR}
}

@inproceedings{fractalnet,
  title={FractalNet: Ultra-Deep Neural Networks without Residuals},
  author={G. Larsson and M. Maire and G. Shakhnarovich},
  booktitle={ICLR},
  year={2017}
}

@inproceedings{feedbacknet,
    title={Feedback Networks},
    author={Amir R. Zamir and Te-Lin Wu and Lin Sun and William Shen and Jitendra Malik and Silvio Savarese},
    booktitle={CVPR},
    year={2017},
}

@inproceedings{pspnet,
    title={Pyramid Scene Parsing Network},
    author={Hengshuang Zhao and Jianping Shi and Xiaojuan Qi and Xiaogang Wang and Jiaya Jia},
    booktitle={CVPR},
    year={2017},
}

@inproceedings{curriculum,
    title={Curriculum learning},
    author={Y. Bengio and J. Louradour and  R. Collobert and J. Weston},
    booktitle={ICML},
    year={2009},
}

@inproceedings{fasterrcnn,
    title={Faster R-CNN: Towards Real-Time Object Detection with Region Proposal Networks},
    author={Shaoqing Ren and
               Kaiming He and
               Ross B. Girshick and
               Jian Sun},
    booktitle={NIPS}, 
    year={2015}          
}

@article{anytime,
    author= {Shlomo Zilberstein},
    title= {Using Anytime Algorithms in Intelligent Systems},
    journal= {AI Magazine},
    volume= {17},
    number= {3},
    year= {1996},
    pages= {73-83},
}

@inproceedings{boddydean,
 author = {Mark Boddy and Thomas Dean},
 title = {Solving Time-dependent Planning Problems},
 booktitle = {IJCAI},
 year = {1989}
 }

@inproceedings{horvitz:1987,
    author = {Horvitz, Eric J.},
    title = {Reasoning About Beliefs and Actions Under Computational Resource Constraints},
    booktitle = {UAI},
    year = {1987},
} 


@article{aape,
 author = {Y. Yang and G. Webb and K. Korb and K. Ting},
 title = {Classifying Under Computational Resource Constraints: Anytime Classification Using Probabilistic Estimators},
 journal = {Mach. Learn.},
 year = {2007},
} 

@inproceedings{mine_vfdt,
 author = {Domingos, Pedro and Hulten, Geoff},
 title = {Mining High-speed Data Streams},
 booktitle = {KDD},
 year = {2000},
} 

@inproceedings{Mai:16,
 author = {Mai, Son T. and Assent, Ira and Storgaard, Martin},
 title = {AnyDBC: An Efficient Anytime Density-based Clustering Algorithm for Very Large Complex Datasets},
 booktitle = {KDD},
 year = {2016},
} 


@inproceedings{lefakis:10,
title = {{Joint Cascade Optimization Using a Product of Boosted Classifiers}},
author = {Lefakis, Leonidas and Francois Fleuret},
booktitle = {NIPS},
year = {2010},
}
@article{xu:14,
  author    = {Z. Xu and
               M. J. Kusner and
               K. Q. Weinberger and
               M. Chen and
               O. Chapelle},
  title     = {{Classifier cascades and trees for minimizing feature evaluation cost}},
  journal   = {JMLR},
  year = {2014}
}
@inproceedings{speedboost,
  author    = {Alexander Grubb and
               J. Andrew Bagnell},
  title     = {{SpeedBoost: Anytime Prediction with Uniform Near-Optimality}},
  booktitle = {AISTATS},
  year      = {2012}
}
@inproceedings{hu:16,
    author = {Hanzhang Hu and Alexander Grubb and Martial Hebert and 
               J. Andrew Bagnell},
    title = {Efficient Feature Group Sequencing for Anytime Linear Prediction},
    booktitle={UAI},
    year = {2016}
}

@inproceedings{cascade,
  author    = {Paul A. Viola and
               Michael J. Jones},
  title     = {{Rapid Object Detection using a Boosted Cascade of Simple Features}},
  booktitle = {CVPR},
  year      = {2001},
}

@inproceedings{minmaxerr, 
    author={Shai Shalev-Shwartz and Yonatan Wexler},
    title={Minimizing the Maximal Loss: How and Why
},
    booktitle={ICML},
    year={2016},
}

@inproceedings{timeliness,
  author = { Sergey Karayev and Tobias Baumgartner and Mario Fritz and Trevor Darrell},
  booktitle = {NIPS},
  title = {{Timely Object Recognition}},
  year = 2012
}

@inproceedings{resnet,
  author    = {K. He and
               X. Zhang and
               S. Ren and
               J. Sun},
  title     = {Deep Residual Learning for Image Recognition},
  booktitle = {CVPR},
  year      = {2016}
}

@inproceedings{supervisednet,
    author={Chen-Yu Lee and   Saining Xie  and Patrick W. Gallagher and Zhengyou Zhang and Zhuowen Tu },
    title={Deeply-Supervised Nets},
    booktitle={ AISTATS},
    year={2015},
}

@inproceedings{deepreally,
    title={Do Deep Nets Really Need to be Deep?},
    Author={L. J. Ba and R. Caruana},
    Booktitle={Proceedings of NIPS}, 
    Year={2014},
}

@inproceedings{fcn,
    title={Fully Convolutional Networks for Semantic Segmentation},
    author={J. Long and E. Shelhamer and T. Darrell},
    year={2015},
    booktitle={CVPR},
}

@inproceedings{exp3,
    title = {The nonstochastic multiarmed bandit
problem}, 
    author={Auer, Peter and Cesa-Bianchi, Nicolo and  Freund, Yoav and
Schapire, Robert E.},
    year={2002},
    booktitle={SIAM Journal on Computing}
}

@article{rwm,
title = "The Weighted Majority Algorithm",
journal = "Information and Computation",
year = "1994",
author = "N. Littlestone and M.K. Warmuth",

}

@inproceedings{convlstm,
title={Convolutional LSTM Network: A Machine Learning Approach for Precipitation Nowcasting},
booktitle={International Conference on Neural Information Processing Systems
Pages},
author={Xingjian Shi, Zhourong Chen, Hao Wang, Dit-Yan Yeung, Wai-kin Wong, Wang-chun Woo},
year={2015}
}


@inproceedings{adaptivenn,
title={Adaptive Neural Networks for Fast Test-Time Prediction},
booktitle={ICML},
year={2017},
author={Tolga Bolukbasi and Joseph Wang and  Ofer Dekel and Venkatesh Saligrama}, 
}

@inproceedings{adaptive_select,
title={Dynamic Model Selection for Prediction Under a Budget},
author={Feng Nan and Venkatesh Saligrama},
year={2017},
booktitle={NIPS},
}

@inproceedings{msdense,
title={Multi-Scale Dense Convolutional Networks for Efficient Prediction},
author={G. Huang and D. Chen and T. Li and F. Wu and L. van der Maaten and K. Q. Weinberger},
year={2018},
booktitle={ICLR}
}

@inproceedings{chen:12,
    Title = {{Classifier Cascade for Minimizing Feature Evaluation Cost}}, 
    Journal = {Journal of Machine Learning Research - Workshop and Conference Proceedings}, 
    Author = {Minmin Chen and Kilian Q. Weinberger and Olivier Chapelle and Dor Kedem and Zhixiang Xu}, 
    Year = {2012}, 
    Booktitle = {AISTATS} 
}

@inproceedings{reyzin:11,
  author    = {Lev Reyzin},
  title     = {Boosting on a Budget: Sampling for Feature-Efficient Prediction},
  booktitle = {ICML},
  year      = {2011},
}


@inproceedings{xu:12,
author = {Z. Xu and K. Weinberger and O. Chapelle},
title = {{The Greedy Miser: Learning under Test-time Budgets}},
booktitle = {ICML},
year = {2012}
}

@inproceedings{xu:13b, 
    Author = {Z. Xu and M. Kusner and G. Huang and K. Q. Weinberger}, 
    Booktitle = {ICML}, 
    Title = {{Anytime Representation Learning}}, 
    Year = {2013}, 
}


@CONFERENCE{weinberger09feature,
  author = {Weinberger, K.Q. and Dasgupta, A. and Langford, J. and Smola, A.
	and Attenberg, J.},
  title = {{Feature Hashing for Large Scale Multitask Learning}},
  booktitle = {ICML},
  year = {2009},
}

@inproceedings{rl_anytime,
title={Changing model behavior at test-time using reinforcement},
author={A. Odena and D. Lawson and C. Olah},
booktitle={Arxive preprint: 1702.07780 },
year={2017},
}
 
 
@inproceedings{prune_nn,
title={Pruning filters for efficient convnets},
author={H. Li and A. Kadav and I. Durdanovic and H. Samet and H. P. Graf},
year={2017},
booktitle={ICLR}
}

@inproceedings{slim_nn,
title={Learning Efficient Convolutional Networks through Network Slimming},
author={Z. Liu and J. Li and Z. Shen and G. Huang and S. Yan and C. Zhang},
year={2017},
booktitle={arxiv preprint:1708.06519},
}

@inproceedings{squeezenet,
title={SqueezeNet: AlexNet-level accuracy with 50x fewer parameters and $<$0.5MB model size},
author={Forrest N. Iandola and Song Han and Matthew W. Moskewicz and Khalid Ashraf and William J. Dally and Kurt Keutzer},
year={2016},
booktitle={arxiv preprint: 1602.07360}
}


@inproceedings{binary_nn,
title={Binarized neural networks},
author={I. Hubara and M. Courbariaux and D. Soudry and R. El-Yaniv and Y. Bengio},
booktitle={NIPS},
year={2016},
}


@inproceedings{binary_nn_eccv,
title={Xnor-net: Imagenet classification using
binary convolutional neural networks},
author={M. Rastegari and V. Ordonez and J. Redmon and A. Farhadi},
booktitle={ECCV},
year={2016}
}

@inproceedings{distillation,
title={Distilling the Knowledge in a Neural Network},
author = {Geoffrey Hinton and  Oriol Vinyals and  Jeff Dean},
booktitle={Deep Learning and Representation
Learning Workshop, NIPS},
Year = {2014}
}


@inproceedings{hed,
title={Holistically-Nested Edge Detection},
Author = {Saining Xie and Zhuowen Tu},
booktitle={ ICCV },
Year={2015}
}

@inproceedings{boostresnet,
author={Furong Huang and Jordan Ash and John Langford and Robert Schapire},
title={Learning Deep ResNet Blocks Sequentially using Boosting Theory},
year={2017},
booktitle={arxiv preprint:1706.04964}
}


@inproceedings{greedylayerwise,
author={Bengio, Y. and Lamblin, P. and  Popovici, D. and Larochelle, H.},
title={Greedy layer-wise training of deep networks},
year={2007},
booktitle={NIPS}
}

@inproceedings{autocl,
author={Alex Graves and Marc G. Bellemare and Jacob Menick and Remi Munos and Koray Kavukcuoglu},
title={Automated Curriculum Learning for Neural Networks},
year={2017},
booktitle={ICML},
}

@inproceedings{PMT,
author={Piotr Dollar, Christian Wojek, Bernt Schiele, Pietro Perona},
title={Pedestrian detection: An evaluation of the state of the art},
year={2012},
booktitle={IEEE transactions on pattern analysis and machine intelligence}
}

@article{ILSVRC15,
Author = {Olga Russakovsky and Jia Deng and Hao Su and Jonathan Krause and Sanjeev Satheesh and Sean Ma and Zhiheng Huang and Andrej Karpathy and Aditya Khosla and Michael Bernstein and Alexander C. Berg and Li Fei-Fei},
Title = {{ImageNet Large Scale Visual Recognition Challenge}},
Year = {2015},
journal   = {IJCV},

}

@misc{tensorflow2015-whitepaper,
title={ {TensorFlow}: Large-Scale Machine Learning on Heterogeneous Systems},
url={https://www.tensorflow.org/},
author={
    Mart\'{\i}n~Abadi and
    Ashish~Agarwal et al.},
    
  year={2015},
}


@inproceedings{resnext,
  title={Aggregated Residual Transformations for Deep Neural Networks},
  author={Saining Xie and Ross Girshick and Piotr Dollár and Zhuowen Tu and Kaiming He},
  booktitle={CVPR},
  year={2017}
}

@inproceedings{reverse_scene_seg,
  title={Photographic image synthesis with cascaded refinement networks},
  author={Chen, Qifeng and Koltun, Vladlen},
  year={2017},
  booktitle={ICCV}
}


@article{wang2017skipnet,
  title={SkipNet: Learning Dynamic Routing in Convolutional Networks},
  author={Wang, Xin and Yu, Fisher and Dou, Zi-Yi and Gonzalez, Joseph E},
  journal={arXiv preprint arXiv:1711.09485},
  year={2017}
}

@article{veit2017convolutional,
  title={Convolutional Networks with Adaptive Computation Graphs},
  author={Veit, Andreas and Belongie, Serge},
  journal={arXiv preprint arXiv:1711.11503},
  year={2017}
}
