@incollection{lefakis:10,
title = {{Joint Cascade Optimization Using a Product of Boosted Classifiers}},
author = {Lefakis, Leonidas and Francois Fleuret},
booktitle = {Advances in Neural Information Processing Systems (NIPS)},
year = {2010},
}

@BOOK{glm,
  AUTHOR = {McCullagh, P. and Nelder, J. A.},
  TITLE = {{Generalized Linear Models ({S}econd edition)}},
  YEAR = {1989},
  PAGES = {500},
  PUBLISHER = {London: Chapman \& Hall}
}

@inproceedings{streeter:08,
  author = {M. Streeter and D. Golovin},
  title = {{An Online Algorithm for Maximizing Submodular Functions}},
  booktitle = {Proceedings of the 22nd Annual Conference on Neural Information Processing Systems (NIPS)},
  year = {2008}
}

@inproceedings{cascade,
  author    = {Paul A. Viola and
               Michael J. Jones},
  title     = {{Rapid Object Detection using a Boosted Cascade of Simple Features}},
  booktitle = {2001 {IEEE} Computer Society Conference on Computer Vision and Pattern
               Recognition (CVPR)},
  year      = {2001},
}

@INPROCEEDINGS{Wu:03,
    author = {Jianxin Wu and James M. Rehg and Matthew D. Mullin},
    title = {Learning a Rare Event Detection Cascade by Direct Feature Selection},
    booktitle = {Neural Information Processing Systems (NIPS)},
    year = {2003}
}

@inproceedings{cai:15,
  author    = {Zhaowei Cai and
               Mohammad J. Saberian and
               Nuno Vasconcelos},
  title     = {{Learning Complexity-Aware Cascades for Deep Pedestrian Detection}},
  booktitle = {International Conference on Computer Vision, {ICCV}},
  year = {2015}
}

@CONFERENCE{weinberger09feature,
  author = {Weinberger, K.Q. and Dasgupta, A. and Langford, J. and Smola, A.
	and Attenberg, J.},
  title = {{Feature Hashing for Large Scale Multitask Learning}},
  booktitle = {Proceedings of the 26th Annual International Conference on Machine
	Learning (ICML)},
  year = {2009},
}

@inproceedings{gem,
  author    = {Nikos Karampatziakis and
               Paul Mineiro},
  title     = {{Discriminative Features via Generalized Eigenvectors}},
  booktitle = {the 31th International Conference on Machine Learning,
               (ICML)},
  year      = {2014}
}

@inproceedings {MNIST,
original =      "orig/lecun-01a.ps.gz",
author = 	"LeCun, Y. and Bottou, L. and Bengio, Y. and Haffner, P.",
title = 	{{Gradient-Based Learning Applied to Document Recognition}},
booktitle =     "Intelligent Signal Processing",
year =		2001
}

@misc{boost,
  added-at = {2006-02-02T21:54:04.000+0100},
  author = {Schapire, R. E.},
  biburl = {http://www.bibsonomy.org/bibtex/27e697191d6bdd5cbe5291c8412bcd1df/sb3000},
  howpublished = {In MSRI Workshop on Nonlinear Estimation and Classification, Berkeley, CA, USA},
  interhash = {c022b1f9707249af32e8be55f56d10e9},
  intrahash = {7e697191d6bdd5cbe5291c8412bcd1df},
  keywords = {boosting},
  timestamp = {2006-02-02T21:54:04.000+0100},
  title = {{T}he {B}oosting {A}pproach to {M}achine {L}earning: {A}n {O}verview},
  year = 2001
}



@article{xu:14,
  author    = {Z. Xu and
               M. J. Kusner and
               K. Q. Weinberger and
               M. Chen and
               O. Chapelle},
  title     = {{Classifier cascades and trees for minimizing feature evaluation cost}},
  journal   = {Journal of Machine Learning Research},
  volume    = {15},
  number    = {1},
  pages     = {2113--2144},
  year      = {2014}
}

@inproceedings{xu:12,
author = {Z. Xu and K. Weinberger and O. Chapelle},
title = {{The Greedy Miser: Learning under Test-time Budgets}},
booktitle = {Proceedings of the 28th International Conference on Machine Learning (ICML)},
year = {2012}
}

@inproceedings{xu:13b, 
    Author = {Z. Xu and M. Kusner and G. Huang and K. Q. Weinberger}, 
    Booktitle = {Proceedings of the 30th International Conference on Machine Learning (ICML)}, 
    Title = {{Anytime Representation Learning}}, 
    Year = {2013}, 
}

@inproceedings{xu:13a, 
    Author = {Zhixiang Xu and Matt Kusner and Kilian Q. Weinberger and Minmin Chen}, 
    Booktitle = {Proceedings of the 30th International Conference on Machine Learning (ICML-13)}, 
    Title = {Cost-Sensitive Tree of Classifiers}, 
    Volume = {28}, 
    Year = {2013}, 
    Pages = {131--141},
}


@inproceedings{yahoo_ltr,
  author ={ Olivier Chapelle and Yi Chang}, 
  title     = {{Yahoo! Learning to Rank Challenge Overview}},
  series    = {JMLR Workshop and Conference Proceedings},
  year      = {2011},
}

@inproceedings{log_gomp,
  author = {Lozano, Aurelie C. and Swirszcz, Grzegorz and Abe, Naoki},
  biburl = {http://www.bibsonomy.org/bibtex/2ab21ede4f081e4c51452c01d7f54647e/dblp},
  booktitle = {Proceedings of the 14th International Conference on 
Artificial Intelligence and Statistics (AISTATS)},
  title = {{Group Orthogonal Matching Pursuit for Logistic Regression}},
  volume = 15,
  year = 2011
}

@inproceedings{gomp,
  author = {Lozano, Aurelie C. and Swirszcz, Grzegorz and Abe, Naoki},
  booktitle = {Neural Information Processing Systems (NIPS)},
    timestamp = {2011-11-10T00:00:00.000+0100},
  title = {{Grouped Orthogonal Matching Pursuit for Variable Selection and Prediction}},
  year = 2009
}

@inproceedings{timeliness,
  added-at = {2013-02-22T00:00:00.000+0100},
  author = { Sergey Karayev and Tobias Baumgartner and Mario Fritz and Trevor Darrell},
  booktitle = {Conference and Workshop on Neural Information Processing Systems (NIPS)},
  title = {{Timely Object Recognition}},
  year = 2012
}

@article{least_square_revisited,
  author    = {Alekh Agarwal and
               Sham M. Kakade and
               Nikos Karampatziakis and
               Le Song and
               Gregory Valiant},
  title     = {Least Squares Revisited: Scalable Approaches for Multi-class
               Prediction},
  journal   = {CoRR},
  volume    = {abs/1310.1949},
  year      = {2013},
  ee        = {http://arxiv.org/abs/1310.1949},
  bibsource = {DBLP, http://dblp.uni-trier.de}
}

@inproceedings{kemp, 
    Title = {{Submodular meets Spectral: Greedy Algorithms for Subset Selection, Sparse Approximation and Dictionary Selection }}, 
    Booktitle = {Proceedings of the 28th International Conference on Machine Learning (ICML)}, 
    Author = {Abhimanyu Das and David Kempe}, 
    Year = {2011}
}


@inproceedings{reyzin:11,
  author    = {Lev Reyzin},
  title     = {Boosting on a Budget: Sampling for Feature-Efficient Prediction},
  booktitle = {the 28th International Conference on Machine Learning (ICML)},
  year      = {2011},
}


@inproceedings{sochman:05,
 author = {Sochman, J. and Matas, J.},
 title = {{WaldBoost: Learning for Time Constrained Sequential Detection}},
 booktitle = {the 2005 IEEE Computer Society Conference on Computer Vision and Pattern Recognition (CVPR) },
 year = {2005}
}


@inproceedings{chen:12,
    Title = {{Classifier Cascade for Minimizing Feature Evaluation Cost}}, 
    Journal = {Journal of Machine Learning Research - Workshop and Conference Proceedings}, 
    Author = {Minmin Chen and Kilian Q. Weinberger and Olivier Chapelle and Dor Kedem and Zhixiang Xu}, 
    Year = {2012}, 
    Booktitle = {Proceedings of the 15th International Conference on Artificial Intelligence and Statistics (AISTATS)} 
}

@article {brubaker:07,
   author = {Brubaker, S. and Wu, J. and Sun, J. and Mullin, M. and Rehg, J.},
   title = {{On the Design of Cascades of Boosted Ensembles for Face Detection}},
   journal = {International Journal of Computer Vision},
   pages = {65-86},
   year = {2008}
}

@inproceedings{speedboost,
  author    = {Alexander Grubb and
               J. Andrew Bagnell},
  title     = {{SpeedBoost: Anytime Prediction with Uniform Near-Optimality}},
  booktitle = {the 15th International Conference on 
Artificial Intelligence and Statistics (AISTATS)},
  year      = {2012}
}

@inproceedings{omp,
author = {Y. Pati and  R. Rezaiifar and  P. Krishnaprasad},
title = {{Orthogonal Matching Pursuit : recursive function approximation with application to wavelet decomposition}},
booktitle = {Asilomar Conference on Signals, Systems and Computers},
year = {1993}
}

@article{zhang:2009,
  added-at = {2013-04-18T00:00:00.000+0200},
  author = {Tong Zhang},
  journal = {Journal of Machine Learning Research},
  keywords = {dblp},
  pages = {555-568},
  timestamp = {2013-04-18T00:00:00.000+0200},
  title = {{On the Consistency of Feature Selection using Greedy Least Squares Regression}},
  volume = 10,
  year = 2009
}

@inproceedings{spams,
  author    = {Rodolphe Jenatton and
               Julien Mairal and
               Guillaume Obozinski and
               Francis R. Bach},
  title     = {{Proximal Methods for Sparse Hierarchical Dictionary Learning}},
  booktitle = {Proceedings of the 27th International Conference on Machine Learning
               (ICML)},
  year      = {2010},
}

@ARTICLE{group_lasso,
    author = {Ming Yuan and Yi Lin},
    title = {{Model Selection and Estimation in Regression with Grouped Variables}},
    journal = {Journal of the Royal Statistical Society},
    year = {2006}
}

@ARTICLE{mp,
    author = {St√©phane Mallat and Zhifeng Zhang},
    title = {Matching Pursuit With Time-Frequency Dictionaries},
    journal = {IEEE Transactions on Signal Processing},
    year = {1993},
    volume = {41},
    pages = {3397--3415}
}

@article{anytime,
 author = {Grass, Joshua and Zilberstein, Shlomo},
 title = {{Anytime Algorithm Development Tools}},
 journal = {SIGART Bulletin},
 issue_date = {April 1996},
 year = {1996}
} 

@inproceedings{submodular,
	author = {Andreas Krause and Daniel Golovin},
	title = {{Submodular Function Maximization}},
	booktitle = {Tractability: Practical Approaches to Hard Problems},
	year = {2012}
}

@ARTICLE{lasso,
    author = {Robert Tibshirani},
    title = {{Regression Shrinkage and Selection Via the Lasso}},
    journal = {Journal of the Royal Statistical Society, Series B},
    year = {1994},
    volume = {58},
    pages = {267--288}
}

@inproceedings{FR,
   title = "{Subset Selection in Regression}",
   author = "Alan J. Miller",
   booktitle = {Journal of the Royal Statistical Society. Series A (General), Vol. 147, No. 3, pp.
389-425},
    year ={1984}
}   

@book{matrix_inverse_lemma,
    author = {Woodbury, Max A.},
    citeulike-article-id = {9998750},
    keywords = {linalg, math},
    number = {42},
    posted-at = {2011-11-06 21:14:24},
    priority = {0},
    publisher = {Princeton University},
    series = {Statistical Research Group Memorandum Reports},
    title = {{Inverting Modified Matrices}},
    year = {1950}
}
