@article{Hsu2018MONASMN,
  title={MONAS: Multi-Objective Neural Architecture Search using Reinforcement Learning},
  author={Chi-Hung Hsu and Shu-Huan Chang and Da-Cheng Juan and Jia-Yu Pan and Yu-Ting Chen and Wei Wei and Shih-Chieh Chang},
  journal={CoRR},
  year={2018},
  volume={abs/1806.10332}
}

@article{Elsken2018NeuralAS,
  title={Neural Architecture Search: A Survey},
  author={Thomas Elsken and Jan Hendrik Metzen and Frank Hutter},
  journal={CoRR},
  year={2018},
  volume={abs/1808.05377}
}

@article{Liu2018DARTSDA,
  title={DARTS: Differentiable Architecture Search},
  author={Hanxiao Liu and Karen Simonyan and Yiming Yang},
  journal={CoRR},
  year={2018},
  volume={abs/1806.09055}
}

@inproceedings{Liu2018HierNA,
  title={Hierarchical Representations for Efficient Architecture Search},
  author={Hanxiao Liu and Karen Simonyan and Oriol Vinyals and Chrisantha Fernando and Koray
Kavukcuoglu},
  year={2018},
  booktitle={ICLR}
}

@inproceedings{Kandasamy2018BNAS,
  title={Neural Architecture Search with Bayesian Optimisation and Optimal Transport},
  author={Kirthevasan Kandasamy and Willie Neiswanger and Jeff Schneider and Barnabas Poczos and Eric Xing},
  year={2018},
  booktitle={NIPS}
}

@inproceedings{Pham2018EfficientNA,
  title={Efficient Neural Architecture Search via Parameter Sharing},
  author={Hieu Pham and Melody Y. Guan and Barret Zoph and Quoc V. Le and Jeff Dean},
  booktitle={ICML},
  year={2018}
}

@article{Liu2017ProgressiveNA,
  title={Progressive Neural Architecture Search},
  author={Chenxi Liu and Barret Zoph and Jonathon Shlens and Wei Hua and Li-Jia Li and Li Fei-Fei and Alan L. Yuille and Jonathan Huang and Kevin Murphy},
  journal={CoRR},
  year={2017},
  volume={abs/1712.00559}
}

@article{Real2017EvoNet,
    title={Large-Scale Evolution of Image Classifiers},
    author={Esteban Real and Sherry Moore and Andrew Selle and Saurabh Saxena and Yutaka Leon Suematsu and Jie Tan and  Quoc Le and Alex Kurakin},
    journal={CoRR},
    year={2017},
    volume={abs/1703.01041}
}

@article{Real2018RegularizedEF,
  title={Regularized Evolution for Image Classifier Architecture Search},
  author={Esteban Real and Alok Aggarwal and Yanping Huang and Quoc V. Le},
  journal={CoRR},
  year={2018},
  volume={abs/1802.01548}
}

@inproceedings{Elsken2018EfficientMN,
  title={Efficient Multi-objective Neural Architecture Search via Lamarckian Evolution},
  author={Thomas Elsken and Jan Hendrik Metzen and Frank Hutter},
  year={2018}
}

@inproceedings{nas,
 title={Neural architecture search with reinforcement learning},
 author={Barret Zoph and Quoc V. Le},
 year={2017},
 booktitle={ICLR}
}

@inproceedings{NASCell,
 title={Learning transferable architectures for scalable image recognition},
 author={Barret Zoph and Vijay Vasudevan and Jonathon Shlens and Quoc V. Le},
 booktitle={CVPR}, 
 year={2018}
}

@article{Wistuba2017FindingCN,
  title={Finding Competitive Network Architectures Within a Day Using UCT},
  author={Martin Wistuba},
  journal={CoRR},
  year={2017},
  volume={abs/1712.07420}
}

@article{Negrinho2017DeepArchitectAD,
  title={DeepArchitect: Automatically Designing and Training Deep Architectures},
  author={Renato Negrinho and Geoffrey J. Gordon},
  journal={CoRR},
  year={2017},
  volume={abs/1704.08792}
}

@inproceedings{netmorphism,
 author={Tao Wei and Changhu Wang and Yong Rui and Chang Wen Chen},
 title={Network morphism},
 booktitle={ICML},
 year={2016}
}

@article{huang2017condensenet,
  title={CondenseNet: An Efficient DenseNet using Learned Group Convolutions},
  author={Huang, Gao and Liu, Shichen and van der Maaten, Laurens and Weinberger, Kilian Q},
  journal={arXiv preprint arXiv:1711.09224},
  year={2017}
}

@article{cutout,
    title={Improved Regularization of Convolutional Neural Networks with Cutout},
    author={Terrance DeVries and Graham Taylor},
    year={2017},
    journal={CoRR},
    volume={abs/1708.04552}
}

@inproceedings{larsson2016fractalnet,
  title={FractalNet: Ultra-Deep Neural Networks without Residuals},
  author={Larsson, Gustav and Maire, Michael and Shakhnarovich, Gregory},
  booktitle={ICLR},
  year={2017}
}

@inproceedings{cosine_lr,
    title={SGDR: Stochastic Gradient Descent with Warm Restarts},
    author={Ilya Loshchilov and Frank Hutter},
    booktitle={ICLR},
    year={2017}
}

@inproceedings{densenet,
    title={Densely Connected Convolutional Networks},
    author={Gao Huang, Zhuang Liu, Laurens van der Maaten, Kilian Q. Weinberger},
    booktitle={CVPR},
    year={2017}
}


@inproceedings{resnet,
  author    = {K. He and
               X. Zhang and
               S. Ren and
               J. Sun},
  title     = {Deep Residual Learning for Image Recognition},
  booktitle = {CVPR},
  year      = {2016}
}

@Techreport{cifar,
    title={Learning Multiple Layers of Features from Tiny Images},
    author={Alex Krizhevsky},
    institution = {},
    year={2009},
}

@inproceedings{shakeshake,
author={X. Gastaldi},
title={Shake-shake regularization of 3-branch residual networks},
booktitle={ICLR Workshop},
year={2017}
}

@inproceedings{smash,
    title={SMASH: one-shot model
architecture search through hypernetworks},
    author={Andrew Brock and Theodore Lim and James M. Ritchie and Nick Weston},
    year={2017},
    booktitle={ICLR}
}

@inproceedings{elskenSimpleNAS,
    title={Simple and efficient architecture search for Convolutional Neural Networks},
    year={2017},
    booktitle={ICLR Workshop},
    author={Thomas Elsken and Jan Hendrik Metzen and Frank Hutter}
}

@inproceedings{blockqnn,
    title={Practical Block-wise Neural Network Architecture Generatio},
    author={Zhao Zhong and Junjie Yan and Wei Wu and Jing Shao and Cheng-Lin Liu},
    year={2018},
    booktitle={CVPR}
}

@inproceedings{CaiPathLevel,
    title={Path-Level Network Transformation for Efficient Architecture Search},
    year={2018},
    booktitle={ICML},
    author={Han Cai and Jiacheng Yang and Weinan Zhang and Song Han and Yong Yu}
}

@inproceedings{multiscaleNAS,
    title={Searching for Efficient Multi-Scale Architectures for Dense Image Prediction},
    year={2018},
    booktitle={NIPS},
    author={Liang-Chieh Chen and Maxwell D. Collins and Yukun Zhu and George Papandreou and  Barret Zoph and Florian Schroff and Hartwig Adam and Jonathon Shlens}
}

@inproceedings{NAONet,
    title={Neural Architecture Optimization}, 
    year={2018},
    booktitle={NIPS},
    author={Renqian Luo and Fei Tian and Tao Qin and Enhong Chen and Tie-Yan Liu}
}

@inproceedings{pyramidnet,
    title= { Deep Pyramidal Residual Networks },
    Author={ Dongyoon Han and Jiwhan Kim and Junmo Kim},
    year={2017},
    booktitle={CVPR}
}

@article{ILSVRC15,
Author = {Olga Russakovsky and Jia Deng and Hao Su and Jonathan Krause and Sanjeev Satheesh and Sean Ma and Zhiheng Huang and Andrej Karpathy and Aditya Khosla and Michael Bernstein and Alexander C. Berg and Li Fei-Fei},
Title = {{ImageNet Large Scale Visual Recognition Challenge}},
Year = {2015},
journal   = {IJCV},

}

@inproceedings{cascadecorr,
    title={The Cascade-Correlation Learning Architecture},
    Author={Scott E. Fahlman and Christian Lebiere },
    year={1990},
    booktitle={NIPS}
}

@inproceedings{bilevel_opt,
    title={An overview of bilevel optimization},
    author={Beno√Æt Colson and Patrice Marcotte and Gilles Savard},
    year={2007},
    booktitle={Annals of
operations research}
}

@inproceedings{policygradient,
    title={Reinforcement learning of motor skills with policy gradients},
    author={Jan Peters and Stefan Schaal },
    year={2008},
    booktitle={Neural Networks}
}

@inproceedings{adanet,
    author={Corinna Cortes and Xavier Gonzalvo and Vitaly Kuznetsov and Mehryar Mohri and Scott Yang},
    title={AdaNet: Adaptive Structural Learning of Artificial Neural Networks},
    year={2017},
    booktitle={ICML}
}

@inproceedings{boostedresnet,
    title={Learning Deep ResNet Blocks Sequentially using Boosting Theory },
    author={Furong Huang and Jordan Ash and John Langford and Robert Schapire},
    year={2018},
    booktitle={ICML}
}